% IMPORTANT: Latex special characters are: # $ % & \ ^ _ { } ~. To avoid mistakes when compiling the reference list try writing \ before. For: \ use \textbackslash ; for ^ \textasciitilde and ~ \textasciicircum.

% @book{key,
%   author         = {},
%   title          = {},
%   edition        = {},
%   series         = {},
%   publisher      = {},
%   year           = {},
%   url            = {},
% }

% @article{key,
%   author          = {},
%   journal         = {},
%   number          = {},
%   title           = {},
%   volume          = {},
%   year            = {},
%   doi             = {},
% }


% @techreport{IEEE830-1984,
%   title       = {{IEEE Guide for Software Requirements Specifications}},
%   type        = {IEEE Std.},
%   number      = {830-1984},
%   year        = {1984},
%   institution = {Institute of Electrical and Electronics Engineers},
%   doi         = {10.1109/IEEESTD.1984.119205}
% }


%@techreport{PISA-2022,
%  author      = {Gobierno de Espa침a},
%  title       = {PISA 2022. Competencia financiera. Informe espannol},
%  institution = {Ministerio de Educaci칩n, Formaci칩n Profesional y Deportes},
%  year        = {2024},
%  address     = {Espa침a},
%  url         = {https://www.libreria.educacion.gob.es/libro/pisa-2022-competencia-financiera-informe-espanol_184455/},
%  note        = {Consultado: 15 noviembre, 2024}
%}

%@online{fuzzy-docs,
%  author          = {MathWorks},
%  title           = {Fuzzy Logic Toolbox},
%  year            = {2024},
%  url             = {https://es.mathworks.com/help/fuzzy/},
%  urldate         = {2024-11-08},
%}
